<record><leader>00000cas a2200000 a 4500</leader><controlfield tag="001">38500456</controlfield><controlfield tag="008">980224d19631967nyuwr ne      0    0eng c</controlfield><datafield ind1=" " ind2=" " tag="010"><subfield code="a">sn 98067542 </subfield></datafield><datafield ind1=" " ind2=" " tag="040"><subfield code="a">NYS</subfield><subfield code="b">eng</subfield><subfield code="c">NYS</subfield><subfield code="d">OCLCQ</subfield><subfield code="d">OCLCF</subfield><subfield code="d">OCLCO</subfield></datafield><datafield ind1="1" ind2=" " tag="029"><subfield code="a">AU@</subfield><subfield code="b">000013904130</subfield></datafield><datafield ind1=" " ind2=" " tag="042"><subfield code="a">pcc</subfield></datafield><datafield ind1=" " ind2=" " tag="043"><subfield code="a">n-us-ny</subfield></datafield><datafield ind1="0" ind2="0" tag="245"><subfield code="a">Tri-town review.</subfield></datafield><datafield ind1=" " ind2=" " tag="260"><subfield code="a">Ronkonkoma, N.Y. :</subfield><subfield code="b">John Oliveri,</subfield><subfield code="c">-1967.</subfield></datafield><datafield ind1=" " ind2=" " tag="300"><subfield code="a">v.</subfield></datafield><datafield ind1=" " ind2=" " tag="310"><subfield code="a">Weekly</subfield></datafield><datafield ind1="1" ind2=" " tag="362"><subfield code="a">Began in 1963?</subfield></datafield><datafield ind1="0" ind2=" " tag="362"><subfield code="a">-v. 5, n. 7 (July 27, 1967).</subfield></datafield><datafield ind1=" " ind2=" " tag="500"><subfield code="a">Serving Centereach, Lake Grove and Selden.</subfield></datafield><datafield ind1=" " ind2=" " tag="588"><subfield code="a">Description based on: Vol. 2, no. 51 (May 27, 1965).</subfield></datafield><datafield ind1=" " ind2="0" tag="651"><subfield code="a">Ronkonkoma (N.Y.)</subfield><subfield code="v">Newspapers.</subfield></datafield><datafield ind1=" " ind2="0" tag="651"><subfield code="a">Centereach (N.Y.)</subfield><subfield code="v">Newspapers.</subfield></datafield><datafield ind1=" " ind2="0" tag="651"><subfield code="a">Selden (N.Y.)</subfield><subfield code="v">Newspapers.</subfield></datafield><datafield ind1=" " ind2="0" tag="651"><subfield code="a">Lake Grove (N.Y.)</subfield><subfield code="v">Newspapers.</subfield></datafield><datafield ind1=" " ind2="0" tag="651"><subfield code="a">Suffolk County (N.Y.)</subfield><subfield code="v">Newspapers.</subfield></datafield><datafield ind1=" " ind2="7" tag="655"><subfield code="a">Newspapers.</subfield><subfield code="2">fast</subfield><subfield code="0">(OCoLC)fst01423814</subfield></datafield><datafield ind1=" " ind2="7" tag="651"><subfield code="a">New York (State)</subfield><subfield code="z">Centereach.</subfield><subfield code="2">fast</subfield><subfield code="0">(OCoLC)fst01230553</subfield></datafield><datafield ind1=" " ind2="7" tag="651"><subfield code="a">New York (State)</subfield><subfield code="z">Lake Grove.</subfield><subfield code="2">fast</subfield><subfield code="0">(OCoLC)fst01230554</subfield></datafield><datafield ind1=" " ind2="7" tag="651"><subfield code="a">New York (State)</subfield><subfield code="z">Ronkonkoma.</subfield><subfield code="2">fast</subfield><subfield code="0">(OCoLC)fst01264098</subfield></datafield><datafield ind1=" " ind2="7" tag="651"><subfield code="a">New York (State)</subfield><subfield code="z">Selden.</subfield><subfield code="2">fast</subfield><subfield code="0">(OCoLC)fst01230555</subfield></datafield><datafield ind1=" " ind2="7" tag="651"><subfield code="a">New York (State)</subfield><subfield code="z">Suffolk County.</subfield><subfield code="2">fast</subfield><subfield code="0">(OCoLC)fst01207260</subfield></datafield><datafield ind1=" " ind2=" " tag="752"><subfield code="a">United States</subfield><subfield code="b">New York</subfield><subfield code="c">Suffolk</subfield><subfield code="d">Ronkonkoma.</subfield></datafield><datafield ind1="0" ind2="7" tag="785"><subfield code="t">Mid-town review</subfield><subfield code="w">(DLC)sn 96083524</subfield><subfield code="w">(OCoLC)33272885</subfield></datafield><datafield ind1="0" ind2="7" tag="785"><subfield code="t">Brookhaven review (Ronkonkoma, N.Y. : 1967)</subfield><subfield code="w">(DLC)sn 96083524</subfield><subfield code="w">(OCoLC)33272648</subfield></datafield></record>